@book{roedel,
  title={Physik unserer Umwelt: Die Atmosph{\"a}re},
  author={Roedel, Walter and Wagner, Thomas},
  year={2013},
  publisher={Springer-Verlag}
}

@book{platt,
  title={Differential absorption spectroscopy},
  author={Platt, Ulrich and Stutz, Jochen},
  year=2008,
  publisher={Springer}
}

@thesis{bsc,
  title={Improving a nitrogen monoxide converter for CE-DOAS measurements},
  author={Jegminat, Jannes},
  year={2013},
  institution={Universität Heidelberg},
  type={Bachelor Thesis}
}

@manual{fp58,
  title={Advanced Lab Course Cavity-Enhanced-DOAS},
  author={Institute of Environmental Physics},
  year={2014},
  url={http://www.physi.uni-heidelberg.de/Einrichtungen/FP/anleitungen/F58.pdf}
}

@manual{doasis,
  title={DOASIS Intelligent System},
  author={Institute for Environmental Physics},
  year=2016,
  url={https://doasis.iup.uni-heidelberg.de/bugtracker/projects/doasis/}
}

@manual{scripts,
  title={Post Processing Scripts},
  author={Tim Adler},
  year={2016},
  url={https://github.com/Emrys-Merlin/no_instrument_characterisation}
}

@book{gerthsen,
  title={Gerthsen Physik},
  author={Meschede, Dieter},
  year={2015},
  publisher={Springer-Verlag}
}

@book{maschbau,
  title={Formeln und Tabellen Maschinenbau},
  author={B{\"o}ge, Alfred},
  year={2007},
  publisher={Springer}
}

@article{fluid,
  title={Fluid mechanics},
  author={Landau, Lev and Lifshitz, Evgenii},
  year={1987},
  publisher={Butterworth}
}

@article{diff-ozone,
  title={Ozone concentration in leaf intercellular air spaces is close to zero},
  author={Laisk, Agu and Kull, Olevi and Moldau, Heino},
  journal={Plant Physiology},
  volume={90},
  number={3},
  pages={1163--1167},
  year={1989},
  publisher={Am Soc Plant Biol}
}

@article{platt2009,
  title={Broadband Cavity Enhanced Differential Optical Absorption Spectroscopy (CE-DOAS)--applicability and corrections},
  author={Platt, Ulrich and Meinen, J and P{\"o}hler, Denis and Leisner, T},
  journal={Atmospheric Measurement Techniques},
  volume={2},
  number={2},
  pages={713--723},
  year={2009},
  publisher={Copernicus GmbH}
}

@article{fiedler2003,
  title={Incoherent broad-band cavity-enhanced absorption spectroscopy},
  author={Fiedler, Sven and Hese, Achim and Ruth, Albert},
  journal={Chemical physics letters},
  volume={371},
  number={3},
  pages={284--294},
  year={2003},
  publisher={Elsevier}
}

@article{chapman,
  author={Chapman, Sydney},
  title={The photochemistry of atmospheric oxygen},
  journal={Reports on Progress in Physics},
  volume={9},
  number={1},
  pages={92},
  url={http://stacks.iop.org/0034-4885/9/i=1/a=310},
  year={1942},
  abstract={}
}
@article{ozone-silica,
  title={The history of ozone. VI. Ozone on silica gel (‘‘Dry Ozone’’)},
  author={Rubin, Mordecai},
  journal={Bulletin for the History of Chemistry},
  volume={33},
  pages={68--75},
  year={2008}
}

@article{n2o,
  title={Photolysis of nitrous oxide isotopomers studied by time-dependent hermite propagation},
  author={Johnson, Matthew and Billing, Gert Due and Gruodis, Alytis and Janssen, Maurice},
  journal={The Journal of Physical Chemistry A},
  volume={105},
  number={38},
  pages={8672--8680},
  year={2001},
  publisher={ACS Publications}
}

@article{eu,
  title={Verordnung (EU) Nr. 582/2011},
  author={EU Kommission},
  journal={Amtsblatt der Europäischen Union},
  year=2011,
  url={http://eur-lex.europa.eu/legal-content/DE/TXT/?qid=1444561093671&uri=CELEX:32011R0582}
}

@online{umba,
  title={Aktuelle Luftmessdaten (ohne fachliche Prüfung)},
  author={Landesanstalt für Umwelt BaWü},
  date={April 22, 2016},
  url={http://udo.lubw.baden-wuerttemberg.de/}
}

@manual{lamp,
  title={Pen-Ray Lamp Spectra},
  author={UVP},
  year={2001},
  url={http://www.uvp.com/pdf/Pen-RayLampSpectra.pdf}
}

@misc{martin,
  title={ICAD evaluation script v1.1},
  author={Horbanski, Martin},
  year={2016},
  howpublished={Personal Communication}
}

@misc{denis,
  title={LP-DOAS Data fitting script},
  author={Pöhler, Denis},
  year={2016},
  howpublished={Personal Communication}
}

@thesis{zimmermann,
  title={Erweiterung einese Stickstoffdioxid CE-DOAS Messinstruments
                  für die Messung von Stickstoffmonoxid},
  author={Zimmermann, Ferdinand},
  year={2011},
  institution={Universität Heidelberg},
  type={Bachelor Thesis}
}

@thesis{gerick,
  title={Entwicklung und Charakterisierung eines Konverters für
                  NO-Messungen mittels CE-DOAS.},
  author={Gerick, David},
  year={2012},
  institution={Universität Heidelberg},
  type={Bachelor Thesis}
}

@online{no2schadstoff,
  title={Stickstoffdioxid wird Schadstoff},
  author={Umweltbundesamt},
  year={2014},
  url={http://www.umweltbundesamt.de/presse/presseinformationen/luftqualitaet-2014-stickstoffdioxid-wird-schadstoff}
}

@report{who,
  title={Health Aspects of Air Pollution with Particulate Matter, Ozone
                  and Nitrogen Dioxide},
  author={Report on a WHO Working Group},
  year={2003},
  location={Bonn, Germany}
}

@online{pkw,
  title={Verordnung über Verbraucherinformationen zu
                  Kraftstoffverbrauch, \ch{CO2}-Emissionen und
                  Stromverbrauch neuer Personenkraftwagen},
  author={Bundesrepublik Deutschland},
  year=2004,
  url={https://www.gesetze-im-internet.de/pkw-envkv/BJNR103700004.html}
}
