@book{roedel,
  title={Physik unserer Umwelt: Die Atmosph{\"a}re},
  author={Roedel, Walter and Wagner, Thomas},
  year={2013},
  publisher={Springer-Verlag}
}

@book{platt,
  title={Differential absorption spectroscopy},
  author={Platt, Ulrich and Stutz, Jochen},
  year=2008,
  publisher={Springer}
}

@thesis{bsc,
  title={Improving a nitrogen monoxide converter for CE-DOAS measurements},
  author={Jegminat, Jannes},
  year={2013},
  institution={Universität Heidelberg},
  type={Bachelor thesis}
}

@manual{fp58,
  title={Advanced Lab Course Cavity-Enhanced-DOAS},
  author={Institute of Environmental Physics},
  year={2014},
  url={http://www.physi.uni-heidelberg.de/Einrichtungen/FP/anleitungen/F58.pdf}
}

@manual{doasis,
  title={DOASIS Intelligent System},
  author={Institute of Environmental Physics},
  year=2016,
  url={https://doasis.iup.uni-heidelberg.de/bugtracker/projects/doasis/}
}

@manual{lamp,
  title={Pen-Ray Lamp Spectra},
  author={UVP},
  year={2001},
  url={http://www.uvp.com/pdf/Pen-RayLampSpectra.pdf}
}

@misc{denis,
  title={Personal Communication},
  author={Pöhler, Denis},
  year={2016},
}
